2617 4234
323 269 567 334 D'ssPlGRdPfflR
581 265 816 331 coadunans.
1009 285 1056 332 17⁵

79 416 198 478 tienne
211 418 234 492 ¹,
254 414 475 494 perpetuaient
492 416 531 477 de
545 415 605 477 tels
623 412 796 476 souvenirs.
812 413 888 477 Mais
901 413 971 475 leur
984 413 1056 476 mt-

78 539 190 604 moire
213 539 314 603 devait
336 540 430 604 vivre.
454 540 496 601 Le
518 543 657 601 serment
680 536 818 618 qu’avait
841 536 1001 616 prononoe
1025 537 1054 598 la

77 664 221 728 severite
236 665 274 726 de
289 663 370 726 saint
381 664 507 727 Jerome
518 662 542 741 ¹,
559 662 708 742 Gregoire
728 663 768 724 de
786 662 885 724 Tours
904 660 993 722 n’edt
1010 676 1054 738 pu

76 790 130 868 s'y
141 788 305 864 resoudre,
319 787 364 850 lui
376 788 430 869 qui
440 786 595 851 s’doriait:
612 787 809 849 «Maiheura
824 803 902 848 nous
914 784 970 865 qui
984 783 1054 845 lais·

76 928 162 974 sons
172 911 312 991 pdrirles
322 911 430 974 lettres
439 909 604 990 antiques³
614 915 647 973 in
662 910 706 972 lui
721 911 799 973 dont
813 911 859 972 les
873 908 969 973 dorits
981 902 1054 972 ren·

76 1036 234 1112 ferment,
247 1007 323 1097 dans
333 1055 375 1098 un
385 1035 516 1117 langage
529 1035 606 1116 qu’il
619 1035 776 1115 deplorait
788 1034 951 1099 lui-meme
961 1033 985 1111 ⁴,
998 1033 1053 1096 des

77 1158 330 1223 reminiscenoes
341 1160 543 1240 virgiliennes
556 1159 582 1223 ⁵.

123 1285 211 1346 Areo
223 1301 281 1346 son
291 1301 376 1362 nom,
391 1284 457 1364 j’en
468 1284 611 1365 pourrais
626 1285 706 1347 eiter
719 1283 870 1360 d'antres3
886 1283 910 1345 il
924 1297 976 1344 me
989 1282 1052 1345 sui·

76 1407 143 1469 dra
165 1407 207 1468 de
226 1408 372 1487 rappeler
393 1426 456 1489 que
477 1408 611 1470 l'auteur
632 1425 787 1488 anonyme
812 1410 905 1470 d'une
929 1408 969 1470 de
992 1423 1050 1468 nos

75 1529 289 1609 inscriptions
305 1532 395 1611 peint
418 1532 448 1593 la
466 1531 629 1596 beatitudo
649 1533 689 1594 de
708 1530 790 1594 saint
806 1528 922 1592 Hilaire
942 1547 1001 1609 par
1020 1528 1049 1592 ie

76 1671 152 1717 vers
163 1654 333 1737 odVirgile
346 1656 474 1719 celebre
487 1654 682 1735 l'apotheose
698 1657 741 1718 du
754 1656 867 1734 berger
875 1651 1015 1733 Daphnis
1024 1650 1049 1710 ⁶.

118 1777 225 1841 Telles
235 1785 317 1854 sont,
330 1779 408 1842 dans
421 1780 452 1841 la
465 1779 722 1842 transformation
737 1779 780 1840 du
792 1779 910 1840 monde
924 1777 1046 1853 ancien,

76 1902 126 1968 les
147 1903 263 1982 phases
283 1904 420 1966 diverses
435 1921 496 1985 que
510 1902 686 1984 rappellent
700 1921 742 1965 ou
757 1902 976 1966 mentionnent
988 1919 1048 1964 nos

76 2028 237 2092 marbres.
250 2029 329 2091 Dion
338 2047 356 2091 a
364 2028 458 2092 voulu
470 2045 532 2108 que
541 2027 803 2091 l’etablissement
813 2028 853 2089 de
864 2027 895 2088 la
908 2025 953 2090 foi
964 2023 1049 2087 subit

76 2150 109 2212 la
124 2150 169 2213 loi
184 2152 239 2213 des
255 2151 367 2215 choses
381 2151 545 2214 humaines
558 2169 566 2212 :
578 2149 719 2227 Pontion,
737 2151 767 2212 la
780 2149 928 2226 martion,
942 2167 1049 2214 eroes·

76 2275 160 2339 sives
174 2275 304 2354 parteis,
321 2278 399 2340 dont
411 2276 457 2340 les
472 2275 673 2340 alternatives
694 2277 764 2338 leur
784 2277 925 2340 donnent
945 2275 1047 2340 seules

75 2400 107 2461 la
119 2400 269 2465 stabilite.

106 2622 117 2658 ¹
135 2620 244 2682 Hieron,
258 2622 339 2686 Epist,
354 2622 419 2684 xxi,
431 2622 467 2672 ad
481 2624 619 2672 Damasum
629 2621 645 2686 ἕ
654 2623 684 2672 13
695 2639 704 2674 a
715 2620 870 2672 «Comoedias
879 2620 968 2684 legere,
981 2635 1046 2672 ama·

75 2699 168 2750 «toria
181 2698 344 2750 bucolicorum
356 2716 469 2752 uersuum
482 2703 555 2751 rerba
568 2717 661 2764 canere,
677 2707 759 2750 tenere
773 2698 934 2762 Virgilium...
947 2701 971 2751 id
984 2701 1045 2766 quod

74 2796 89 2827 u
101 2780 130 2828 in
144 2779 227 2844 pueris
239 2781 386 2830 necessitatis
394 2788 439 2832 est.
450 2800 464 2830 »
475 2782 592 2844 Cassiod„
609 2782 645 2831 De
653 2783 734 2831 instit.
745 2781 822 2831 divin.
834 2781 968 2845 semotum,
980 2781 1045 2832 Pro·

71 2859 134 2910 intio
144 2880 152 2910 ε
163 2860 403 2923 «Gravissimum,
414 2863 499 2924 fateor,
510 2862 590 2912 dolore
602 2869 725 2927 permotus
738 2860 802 2926 quod
816 2860 945 2924 seripturis
958 2860 1045 2912 divinis

72 2956 88 2988 u
100 2939 215 3002 magistri
230 2939 346 3003 deessent,
357 2957 432 3007 quum
440 2942 555 2994 mundani
564 2948 673 2993 auctores
686 2941 809 2993 celerrima
818 2939 899 3005 procul
910 2940 982 2992 dubio
994 2949 1044 2994 tre·

72 3034 88 3066 u
100 3019 194 3068 ditione
207 3018 334 3084 pollerent.
347 3038 361 3068 u

101 3101 115 3134 ²
132 3099 217 3163 Epist.
232 3100 308 3162 xxfl,
324 3101 360 3150 ad
373 3101 501 3165 Euatoed,
515 3102 532 3168 ἓ
548 3105 588 3156 30.
603 3103 661 3142 -θ
675 3102 742 3156 dot.
754 3102 856 3164 Fraus„
872 3101 999 3154 Praefatio.
1012 3126 1045 3142 -

70 3175 82 3211 ὅ
97 3177 173 3229 Glor.
188 3179 306 3242 consess,
319 3182 439 3232 Praeiatio.

82 3318 85 3324 ⁵
101 3257 113 3292 ⁸
130 3258 197 3308 Hae.
210 3259 311 3321 Frons„
327 3261 488 3323 V111‚xx11:
503 3261 580 3313 «sed
595 3261 654 3326 quid
672 3267 768 3326 pectora
785 3260 890 3312 humana
907 3277 955 3312 non
972 3268 1044 3325 cogat

72 3337 154 3386 dauri
170 3352 237 3387 sacra
248 3338 341 3388 fames?
354 3357 368 3388 u
382 3343 473 3392 Miroe.
488 3342 516 3391 S.
531 3343 619 3404 dior-i„
637 3343 657 3402 1,
673 3353 738 3392 xxxI
754 3360 761 3391 ι
778 3341 852 3391 «Sed
870 3340 900 3391 ed
919 3342 977 3406 quid
995 3357 1043 3393 non

71 3434 85 3463 u
99 3417 214 3467 mortalia
228 3425 325 3482 pectora
341 3422 407 3482 cogit
422 3423 564 3472 exsecranda
573 3422 730 3486 eupiditasiu
742 3421 792 3486 (cf.
802 3423 870 3482 AEn.‚
882 3423 924 3483 111,
938 3425 977 3485 56,
992 3424 1041 3488 57);

75 3499 139 3548 Vitoe
151 3498 269 3561 Petrum,
283 3501 351 3563 vul,
361 3515 398 3553 vn
410 3518 417 3552 z
428 3520 442 3551 d
452 3504 532 3563 Quum
540 3503 677 3553 volantibus
688 3503 750 3552 saxis
761 3517 789 3552 ac
800 3502 893 3554 facibus
902 3503 967 3554 furor
975 3519 1042 3555 arma

72 3593 87 3626 s
100 3593 150 3629 non
162 3580 317 3631 mediocriter
330 3583 506 3634 ministraret»
518 3585 560 3650 (cf.
574 3587 643 3646 Eo„
659 3583 681 3646 1,
696 3583 761 3650 150),
776 3589 824 3634 oto.

101 3659 114 3694 ⁸
128 3660 151 3712 1.
167 3661 197 3711 0.
212 3660 253 3723 ⁶,
268 3664 367 3736 nodio.
380 3664 420 3714 Cf.
431 3678 488 3715 mon
500 3669 565 3716 tome
577 3665 611 3728 11,
623 3679 650 3729 p.
666 3665 720 3716 128.
