2617 4234
199 296 215 344 d
616 289 753 342 ΙΙΑΙΙΙΙΙΙΙ.

199 429 288 487 rotro
310 424 388 486 Pero
404 422 460 503 qui
472 422 593 504 parlera
604 441 643 487 en
656 443 734 488 vous
745 423 793 489 Ι.»
811 426 853 488 Le
874 426 967 503 flddle
986 429 1108 492 debent
1122 446 1162 491 en

198 548 268 610 fase
293 548 336 610 du
351 548 426 628 iuge
448 547 659 628 n'appartient
678 549 839 631 plustre
857 553 985 614 monde.
1004 553 1103 624 Qu’on
1118 551 1163 613 lui

199 673 356 735 demando
370 671 425 752 qui
441 676 490 734 est
501 689 558 736 son
572 674 649 752 ptre
661 673 801 751 chamot,
815 676 920 754 quelle
936 680 984 739 est
1003 695 1037 738 sa
1050 675 1161 756 patrie,

198 814 232 858 sa
245 795 436 874 profession,
461 813 495 858 sa
515 795 681 860 condition
704 797 860 875 diei-has,
878 818 921 862 un
935 801 1001 865 seul
1014 803 1083 863 mot
1096 797 1164 864 doit

199 920 389 1000 rtpondret
404 925 476 984 tout
491 941 498 983 :
518 922 577 986 ste
592 922 658 984 sais
670 921 823 987 ehrttien.
838 945 853 983 o

243 1065 259 1104 a
272 1047 370 1108 Astu
391 1050 439 1110 tes
457 1047 596 1124 parents,
619 1045 725 1110 dit-oo
742 1048 762 1108 d
780 1046 862 1112 saint
880 1047 986 1110 Pierre
1006 1046 1165 1110 Balsama?

200 1197 237 1216 ·-
247 1169 285 1232 Je
296 1169 369 1230 n'en
384 1168 414 1230 ai
429 1169 531 1246 point.
545 1171 640 1232 -Tu
654 1187 755 1244 mens,
772 1172 953 1250 ponrsuitle
962 1172 1049 1252 juge,
1062 1189 1164 1234 earon
1219 1200 1224 1211 ·

200 1293 264 1355 m³a
278 1291 327 1354 dit
338 1309 399 1373 que
416 1299 471 1354 ton
485 1295 560 1372 pere
573 1297 605 1355 et
618 1298 651 1354 ta
664 1296 751 1357 mere
766 1294 909 1358 existent.
920 1327 960 1344 ·-
972 1279 1163 1376 L'Evangiie,

200 1416 344 1496 rtplique
358 1417 387 1479 ie
403 1417 494 1492 saint,
512 1417 701 1486 m’ordonne
716 1420 756 1481 de
769 1423 839 1482 tout
851 1420 955 1483 renier
967 1420 987 1483 i
997 1420 1116 1484 l’heure
1125 1419 1166 1481 de

200 1539 453 1605 laoontessiont.
468 1563 483 1602 a
580 1581 583 1588 ι

241 1666 330 1730 Saint
343 1667 461 1732 Luoien
475 1667 596 1747 rtpond
614 1669 654 1731 de
668 1667 804 1746 memet,
820 1669 904 1732 aussi
917 1669 998 1734 saint
1017 1667 1162 1745 Hieram,

202 1791 284 1854 saint
299 1792 437 1856 Vincent
450 1795 571 1873 d’Agen
586 1791 609 1870 Ι,
627 1792 709 1857 saint
724 1792 843 1869 indute,
859 1795 938 1857 dont
951 1794 981 1855 le
994 1795 1069 1874 pere
1083 1797 1116 1856 et
1136 1793 1167 1854 la

203 1919 291 1980 mere
314 1918 438 1982 avaient
459 1918 599 1986 entondu
617 1917 648 1980 le
671 1917 811 1997 premier
829 1916 1080 1997 interrogatoire.
1099 1916 1166 1978 xxo

235 2240 244 2274 ¹
261 2236 349 2300 Matth.
361 2248 388 2300 x,
404 2237 441 2298 tt,
458 2237 497 2300 Ι9,
511 2237 552 2286 2⁰.

222 2319 245 2356 -ἱ
263 2335 276 2366 a
288 2318 377 2367 Prmses
388 2315 447 2366 dixit
458 2331 464 2364 :
474 2317 589 2366 Parentes
599 2315 693 2366 hebes?
701 2317 787 2367 Petrus
799 2315 920 2380 respondit
930 2329 937 2366 τ
946 2317 1000 2366 Non
1009 2315 1095 2366 habeo.
1105 2316 1169 2366 Pra-

207 2415 221 2446 «
235 2413 272 2447 ses
284 2397 361 2447 dixit:
373 2397 491 2460 Mentiris,
506 2396 586 2446 audini
598 2398 663 2446 enim
672 2403 696 2447 te
704 2397 792 2447 habere
801 2403 921 2462 parentes.
932 2399 1018 2451 Petrus
1026 2397 1167 2462 respondit:
1237 2414 1241 2424 ·

209 2495 222 2525 a
237 2479 265 2527 ln
281 2477 410 2538 Evangelio
426 2477 486 2525 mihi
501 2482 644 2542 praeeptum
656 2484 694 2526 est
707 2477 788 2526 omnia
803 2475 933 2540 denegare,
949 2491 1004 2525 cum
1017 2476 1047 2525 ed
1064 2476 1168 2525 nominis

206 2574 220 2605 a
235 2557 358 2610 christiani
373 2571 460 2608 venem
471 2557 651 2611 confessionem.
662 2574 677 2606 n
687 2556 806 2622 (Ruinart,
818 2557 996 2620 detestavere,
1007 2555 1046 2605 td.
1056 2555 1087 2605 do
1096 2558 1168 2618 1713,

204 2652 230 2702 p.
242 2637 308 2702 tot.)

235 2719 246 2754 θ
261 2711 311 2768 Καὶ
321 2717 429 2781 λέγοντος
437 2714 479 2766 τοῦ
490 2715 616 2782 duptam...
629 2717 693 2775 τΙνας
702 2716 832 2783 προγόνους
845 2717 935 2782 (ἔχεις);
947 2717 961 2765 d
972 2716 997 2766 δὲ
1006 2716 1065 2782 πρὸς
1077 2716 1169 2766 ἅπαντα

205 2797 294 2862 bisses,
306 2798 342 2850 ὅτι
351 2797 472 2864 ppt-tarde
485 2800 542 2862 εἰμι.
556 2797 592 2862 (S.
606 2798 741 2862 chrysost,
754 2801 827 2852 Hom.
841 2811 911 2862 xtvr,
925 2798 940 2863 fi
953 2799 977 2858 ΙΙ,
993 2802 1012 2848 t.
1026 2798 1047 2860 i,
1062 2812 1087 2861 p.
1102 2794 1168 2859 528.)

267 2895 281 2926 o
295 2878 411 2946 Quaesivit
424 2877 549 2942 praefectus
559 2883 583 2927 et
595 2877 625 2928 ab
636 2878 737 2928 Hierace
746 2877 846 2927 ubinam
856 2878 964 2940 gentium
976 2882 1054 2927 essent
1063 2878 1114 2943 ejus
1125 2890 1168 2940 pa-

207 2975 221 3005 «
235 2965 321 3008 rentes.
336 2958 380 3009 Cni
392 2957 516 3022 respondit
526 2958 614 3008 Hierax
625 2959 721 3007 :Verus
733 2964 802 3022 pater
813 2963 893 3007 noster
904 2957 1013 3008 Christus
1025 2963 1069 3016 est,
1080 2962 1105 3005 et
1116 2970 1169 3003 rna-

207 3055 221 3088 o
235 3044 271 3095 ter
287 3037 366 3101 Fides,
381 3053 430 3102 qne
442 3038 467 3087 in
482 3038 561 3104 ipsum
574 3037 703 3088 oredimus.
717 3037 814 3090 Terreni
826 3052 882 3088 vero
896 3042 1005 3103 parentes
1019 3035 1067 3085 mei
1081 3035 1170 3084 mortui

208 3135 222 3166 a
236 3124 299 3168 sunt.
311 3134 325 3164 o
340 3117 411 3182 (Acta
426 3118 452 3170 S.
468 3119 569 3180 tustini,
584 3117 599 3181 ς
613 3119 657 3181 ΙΙΙ,
670 3116 728 3166 dans
741 3117 850 3180 Ruinart,
865 3117 928 3166 Acta
938 3116 1045 3177 sineere,
1058 3129 1083 3178 p.
1098 3112 1148 3177 59.)

236 3199 247 3232 Ι
265 3215 278 3245 a
293 3197 401 3248 Subinde
416 3213 503 3262 praeses
522 3197 631 3247 notitiam
650 3198 754 3246 nominis
768 3204 793 3246 et
805 3196 888 3262 patriae
905 3211 932 3245 ae
949 3195 1042 3257 generis
1056 3193 1168 3258 exquirit,

206 3295 220 3326 «
235 3277 318 3330 relicto
333 3275 399 3326 cultu
410 3277 546 3328 christiana
557 3276 679 3342 religionis
681 3313 730 3328 .....
746 3278 820 3341 Cujus
835 3278 909 3327 rerba
924 3275 1015 3327 athlete
1026 3274 1115 3326 Christi
1126 3273 1170 3324 de·

207 3375 222 3408 x
233 3358 346 3422 spiciens,
358 3371 435 3418 genus
446 3371 473 3406 ao
484 3357 587 3422 patriam
596 3357 661 3422 quod
670 3357 715 3407 sihi
726 3357 871 3421 superfluum
879 3356 1005 3405 videbatur
1016 3359 1167 3419 postponens,

207 3455 221 3487 o
235 3453 261 3488 so
271 3436 424 3488 vincentium
438 3437 534 3487 nomine
548 3437 593 3486 etsi
607 3437 733 3498 indignum
746 3437 836 3488 Christi
849 3443 930 3486 tamen
943 3434 1060 3485 famulum
1074 3448 1101 3483 ae
1112 3432 1170 3482 levi-

207 3535 222 3568 o
235 3524 285 3570 tam
299 3532 361 3579 esse,
371 3522 498 3582 conspectu
511 3517 617 3568 omnium
628 3517 692 3578 nulio
704 3522 770 3566 metu
781 3517 877 3566 territus
889 3531 937 3566 non
945 3520 1021 3565 cessat
1031 3513 1169 3583 clamare.»

209 3597 279 3662 (dcta
295 3599 322 3649 S.
337 3597 458 3647 Vincentt'i
470 3595 629 3660 Apiooensis,
643 3611 676 3646 ea
688 3595 800 3661 antiquis
813 3594 958 3646 lectionibus
969 3594 1085 3646 Ecclesiae
1093 3593 1171 3657 Apto-

208 3678 300 3742 oeosie,
313 3675 431 3741 rolland,
444 3681 463 3730 t.
479 3676 511 3740 ΙΙ,
524 3677 588 3742 jan,
600 3692 625 3741 p.
639 3674 704 3739 167.)
